<?xml version="1.0" encoding="UTF-8"?><collection xmlns="http://www.loc.gov/MARC21/slim"><record><leader>00352nam--2200133-i-4500</leader><controlfield tag="001">000030800</controlfield><controlfield tag="002">20161230</controlfield><controlfield tag="005">20161230201038</controlfield><controlfield tag="008">060222s1000------------r-----000-0-eng-d</controlfield><datafield ind1=" " ind2=" " tag="020"><subfield code="a">NOTAS DE FISICA</subfield></datafield><datafield ind1=" " ind2=" " tag="100"><subfield code="a">Mac Dowell, S.W</subfield></datafield><datafield ind1=" " ind2=" " tag="245"><subfield code="a">Videira, a.l.l</subfield></datafield><datafield ind1=" " ind2=" " tag="260"><subfield code="a">Zagury, N</subfield></datafield><datafield ind1=" " ind2=" " tag="490"><subfield code="a">Rio De Janeiro, Centro Brasileiro De Pesquisas Fisicas, 1961. 11p</subfield></datafield></record></collection>